<record xmlns="http://www.loc.gov/MARC21/slim" xmlns:xsi="http://www.w3.org/2001/XMLSchema-instance" xsi:schemaLocation="http://www.loc.gov/MARC21/slim http://www.loc.gov/standards/marcxml/schema/MARC21slim.xsd"><leader>     nam a22        4500</leader><controlfield tag="001">3181418</controlfield><controlfield tag="003">NNC</controlfield><controlfield tag="006">m        d        </controlfield><controlfield tag="007">cr cn |||m|||a</controlfield><controlfield tag="008">150316s1904    ua      o     000 0 araod</controlfield><datafield ind1=" " ind2=" " tag="040"><subfield code="a">NNU</subfield><subfield code="b">eng</subfield><subfield code="e">rda</subfield><subfield code="c">NNU</subfield></datafield><datafield ind1="1" ind2="4" tag="050"><subfield code="a">PJ6151</subfield><subfield code="b">.I235x 1904</subfield></datafield><datafield ind1="0" ind2=" " tag="100"><subfield code="6">880-01</subfield><subfield code="a">Suyu&#772;t&#803;i&#772;,</subfield><subfield code="d">1445-1505.</subfield></datafield><datafield ind1="1" ind2="0" tag="245"><subfield code="6">880-02</subfield><subfield code="a">Sharh&#803; shawa&#772;hid al-Mughni&#772; /</subfield><subfield code="c">ta&#700;li&#772;f Jala&#772;l al-Di&#772;n &#699;Abd al-Rah&#803;ma&#772;n ibn Abi&#772; Bakr al-Suyu&#772;t&#803;i&#772; ; i&#699;tana&#769; bi-tas&#803;h&#803;i&#772;h&#803;ihi ... Muh&#803;ammad Mah&#803;mu&#772;d ibn Tala&#772;mi&#772;d al-Tarkazi&#772; al-Shanqi&#772;t&#803;i&#772;.</subfield></datafield><datafield ind1=" " ind2=" " tag="260"><subfield code="6">880-03</subfield><subfield code="a">Mis&#803;r :</subfield><subfield code="b">al-Mat&#803;ba&#699;ah al-Bahi&#772;yah,</subfield><subfield code="c">1322 [1904]</subfield></datafield><datafield ind1=" " ind2=" " tag="300"><subfield code="a">online resource (330, 2 pages)</subfield></datafield><datafield ind1=" " ind2=" " tag="336"><subfield code="a">text</subfield><subfield code="2">rdacontent</subfield></datafield><datafield ind1=" " ind2=" " tag="337"><subfield code="a">computer</subfield><subfield code="2">rdamedia</subfield></datafield><datafield ind1=" " ind2=" " tag="338"><subfield code="a">online resource</subfield><subfield code="2">rdacarrier</subfield></datafield><datafield ind1=" " ind2=" " tag="500"><subfield code="a">Part of the Arabic Collections Online (ACO) project, contributed by Columbia University Libraries.</subfield></datafield><datafield ind1=" " ind2=" " tag="533"><subfield code="a">Electronic reproduction.</subfield><subfield code="b">New York, N.Y. :</subfield><subfield code="c">New York University,</subfield><subfield code="d">2015.</subfield><subfield code="5">NNU</subfield></datafield><datafield ind1="1" ind2="0" tag="600"><subfield code="6">880-04</subfield><subfield code="a">Ibn Hisha&#772;m, &#699;Abd Alla&#772;h ibn Yu&#772;suf,</subfield><subfield code="d">1309-1360.</subfield><subfield code="t">Mughni&#772; al-labi&#772;b.</subfield></datafield><datafield ind1=" " ind2="0" tag="650"><subfield code="a">Arabic language</subfield><subfield code="x">Syntax</subfield><subfield code="v">Early works to 1800.</subfield></datafield><datafield ind1=" " ind2="0" tag="650"><subfield code="a">Arabic language</subfield><subfield code="x">Grammar</subfield><subfield code="v">Early works to 1800.</subfield></datafield><datafield ind1="1" ind2=" " tag="700"><subfield code="6">880-05</subfield><subfield code="a">Shanqi&#772;t&#803;i&#772;, Muh&#803;ammad Mah&#803;mu&#772;d ibn Tala&#772;mi&#772;d al-Tarkazi&#772;.</subfield></datafield><datafield ind1="2" ind2=" " tag="710"><subfield code="a">Columbia University.</subfield><subfield code="b">Libraries.</subfield></datafield><datafield ind1="0" ind2=" " tag="730"><subfield code="a">Arabic Collections Online.</subfield></datafield><datafield ind1="0" ind2="8" tag="776"><subfield code="i">Online version:</subfield><subfield code="a">Suyu&#772;t&#803;i&#772;, 1445-1505.</subfield><subfield code="t">Sharh&#803; shawa&#772;hid al-Mughni&#772;.</subfield><subfield code="d">Mis&#803;r : al-Mat&#803;ba&#699;ah al-Bahi&#772;yah, 1322 [1904]</subfield><subfield code="w">(OCoLC)586073212</subfield></datafield><datafield ind1="0" ind2="8" tag="776"><subfield code="i">Print version:</subfield><subfield code="a">Suyu&#772;t&#803;i&#772;, 1445-1505.</subfield><subfield code="t">Sharh&#803; shawa&#772;hid al-Mughni&#772;</subfield><subfield code="w">(NNC)3181418</subfield><subfield code="w">(OCoLC)33116937</subfield></datafield><datafield ind1="4" ind2="0" tag="856"><subfield code="u">http://hdl.handle.net/2333.1/g79cnrj3</subfield></datafield><datafield ind1="0" ind2=" " tag="880"><subfield code="6">100-01/r</subfield><subfield code="a">&#1587;&#1610;&#1608;&#1591;&#1610;.</subfield></datafield><datafield ind1="1" ind2="0" tag="880"><subfield code="6">245-02/r</subfield><subfield code="a">&#1588;&#1585;&#1581; &#1588;&#1608;&#1575;&#1607;&#1583; &#1575;&#1604;&#1605;&#1594;&#1606;&#1610; /</subfield><subfield code="c">&#1578;&#1571;&#1604;&#1610;&#1601; &#1580;&#1604;&#1575;&#1604; &#1575;&#1604;&#1583;&#1610;&#1606; &#1593;&#1576;&#1583;&#1575;&#1604;&#1585;&#1581;&#1605;&#1606; &#1576;&#1606; &#1571;&#1576;&#1610; &#1576;&#1603;&#1585; &#1575;&#1604;&#1587;&#1610;&#1608;&#1591;&#1610; &#1563; &#1573;&#1593;&#1578;&#1606;&#1609; &#1576;&#1578;&#1589;&#1581;&#1610;&#1581;&#1607; &#1605;&#1581;&#1605;&#1583; &#1605;&#1581;&#1605;&#1608;&#1583; &#1575;&#1576;&#1606; &#1575;&#1604;&#1578;&#1604;&#1575;&#1605;&#1610;&#1583; &#1575;&#1604;&#1578;&#1585;&#1603;&#1586;&#1610; &#1575;&#1604;&#1588;&#1606;&#1602;&#1610;&#1591;&#1610;.</subfield></datafield><datafield ind1=" " ind2=" " tag="880"><subfield code="6">260-03/r</subfield><subfield code="a">&#1605;&#1589;&#1585; :</subfield><subfield code="b">&#1575;&#1604;&#1605;&#1591;&#1576;&#1593;&#1577; &#1575;&#1604;&#1576;&#1607;&#1610;&#1577;&#1548;</subfield><subfield code="c">&#1633;&#1635;&#1634;&#1634; [&#1633;&#1641;&#1632;&#1636;]</subfield></datafield><datafield ind1="1" ind2="4" tag="880"><subfield code="6">600-04/r</subfield><subfield code="a">&#1575;&#1576;&#1606; &#1607;&#1588;&#1575;&#1605;&#1548; &#1593;&#1576;&#1583;&#1575;&#1604;&#1604;&#1607; &#1576;&#1606; &#1610;&#1608;&#1587;&#1601; .</subfield><subfield code="t">&#1605;&#1594;&#1606;&#1610; &#1575;&#1604;&#1604;&#1576;&#1610;&#1576; &#1593;&#1606; &#1603;&#1578;&#1576; &#1575;&#1604;&#1571;&#1593;&#1575;&#1585;&#1610;&#1576;.</subfield></datafield><datafield ind1="1" ind2=" " tag="880"><subfield code="6">700-05/r</subfield><subfield code="a">&#1588;&#1606;&#1602;&#1610;&#1591;&#1610;&#1548; &#1605;&#1581;&#1605;&#1583; &#1605;&#1581;&#1605;&#1608;&#1583; &#1576;&#1606; &#1578;&#1604;&#1575;&#1605;&#1610;&#1583; &#1575;&#1604;&#1578;&#1585;&#1603;&#1586;&#1610;.</subfield></datafield><datafield ind1=" " ind2=" " tag="959"><subfield code="a">NNU</subfield><subfield code="b">WEB</subfield><subfield code="c">GENI</subfield><subfield code="t">0</subfield><subfield code="m">Electronic access</subfield><subfield code="s">01</subfield></datafield><datafield ind1=" " ind2=" " tag="999"><subfield code="i">NNC_3181418</subfield><subfield code="o">(OCoLC)ocm33116937</subfield><subfield code="e">(ERROR-880)</subfield><subfield code="s">columbia_aco000305</subfield></datafield></record>